@misc{Eye,
institution = {EyeTracking, Inc.},
author = {EyeTracking, Inc.},
title = {Eyeworks: FOVIO - ULTIMATE VERSATILITY},
url = {http://www.eyetracking.com/Hardware/FOVIO-Eye-Tracker},
date = {2011}
}

@techreport{Kumar,
institution = {Stanford University},
author = {Kumar, Manu},
pages = {1-3},
title = {Reducing the Cost of Eye Tracking Systems },
url = {http://hci.stanford.edu/cstr/reports/2006-08.pdf},
year = {2006}
}

@misc{Eyetribe,
author = {The Eye Tribe},
title = {The Eye Tribe Tracker},
url = {https://theeyetribe.com/products/},
date = {2015}
}

@techreport{Derrick,
institution = {Human and Computer Vision Laboratory},
author = {Derrick, Parkhurst},
title = {Constructing a Low-Cost Mobile Eye Tracker},
pages = {1-31},
url = {http://thirtysixthspan.com/openEyes/openEyes_ConstructingaLow-CostMobileEyeTracker.pdf},
date = {2015}
}